
@article{article1,
author = {Wang, Ping and Liu, Yong and Qin, Zuodong and Zhang, Guisheng},
year = {2014},
month = {11},
pages = {1202-1212},
title = {A novel hybrid forecasting model for PM10 and SO2 daily concentrations},
volume = {505C},
journal = {The Science of the total environment},
doi = {10.1016/j.scitotenv.2014.10.078}
}


@article{article2,
author = {Venegas, Laura and Mazzeo, Nicolás and Dezzutti, Mariana},
year = {2014},
month = {04},
pages = {77–86},
title = {A simple model for calculating air pollution within street canyons},
volume = {87},
journal = {Atmospheric Environment},
doi = {10.1016/j.atmosenv.2014.01.005}
}

@article{article3,
author = {Delavar, Mahmoud and Gholami, Amin and Shiran, Gholam and Rashidi, Yousef and Nakhaeizadeh, Gholam and Fedra, Kurt and Afshar, Smaeil},
year = {2019},
month = {02},
pages = {99},
title = {A Novel Method for Improving Air Pollution Prediction Based on Machine Learning Approaches: A Case Study Applied to the Capital City of Tehran},
volume = {8},
journal = {ISPRS International Journal of Geo-Information},
doi = {10.3390/ijgi8020099}
}


@article{article5,
author = {Kleine Deters, Jan and Zalakeviciute, Rasa and Gonzalez, Mario and Rybarczyk, Yves},
year = {2017},
month = {06},
pages = {1-14},
title = {Modeling PM 2.5 Urban Pollution Using Machine Learning and Selected Meteorological Parameters},
volume = {2017},
journal = {Journal of Electrical and Computer Engineering},
doi = {10.1155/2017/5106045}
}


@article{article6,
author = {Qi, Zhongang and Wang, Tianchun and Song, Guojie and Hu, Weisong and Li, Xi and Zhongfei, and Zhang,},
year = {2017},
month = {11},
pages = {},
title = {Deep Air Learning: Interpolation, Prediction, and Feature Analysis of Fine-grained Air Quality},
volume = {PP},
journal = {IEEE Transactions on Knowledge and Data Engineering},
doi = {10.1109/TKDE.2018.2823740}
}

@book{book1,
author = {Krainski, Elias and Gómez Rubio, Virgilio and Bakka, Haakon and Lenzi, A. and Castro-Camilo, Daniela and Simpson, Daniel and Lindgren, Finn and Rue, Håvard},
year = {2018},
month = {09},
pages = {},
title = {Advanced Spatial Modeling with Stochastic Partial Differential Equations Using R and INLA},
doi = {10.1201/9780429031892}
}

@article{article7,
author = {Cameletti, Michela and Gómez Rubio, Virgilio and Blangiardo, Marta},
year = {2019},
month = {04},
pages = {},
title = {Bayesian modeling for spatially misaligned health and air pollution data through the INLA-SPDE approach},
volume = {31},
journal = {Spatial Statistics},
doi = {10.1016/j.spasta.2019.04.001}
}

@misc{Airpollu36:online,
author = "European_Environment_Agency",
title = {Air pollution goes down as Europe takes hard measures to combat coronavirus },
howpublished = {\url{https://www.eea.europa.eu/highlights/air-pollution-goes-down-as}},
month = {03},
year = {2020},
note = {(Accessed on 03/29/2020)}
}