
@article{article1,
author = {Wang, Ping and Liu, Yong and Qin, Zuodong and Zhang, Guisheng},
year = {2014},
month = {11},
pages = {1202-1212},
title = {A novel hybrid forecasting model for PM10 and SO2 daily concentrations},
volume = {505C},
journal = {The Science of the total environment},
doi = {10.1016/j.scitotenv.2014.10.078}
}


@article{article2,
author = {Venegas, Laura and Mazzeo, Nicolás and Dezzutti, Mariana},
year = {2014},
month = {04},
pages = {77–86},
title = {A simple model for calculating air pollution within street canyons},
volume = {87},
journal = {Atmospheric Environment},
doi = {10.1016/j.atmosenv.2014.01.005}
}

@article{article3,
author = {Delavar, Mahmoud and Gholami, Amin and Shiran, Gholam and Rashidi, Yousef and Nakhaeizadeh, Gholam and Fedra, Kurt and Afshar, Smaeil},
year = {2019},
month = {02},
pages = {99},
title = {A Novel Method for Improving Air Pollution Prediction Based on Machine Learning Approaches: A Case Study Applied to the Capital City of Tehran},
volume = {8},
journal = {ISPRS International Journal of Geo-Information},
doi = {10.3390/ijgi8020099}
}

@article{article4,
author = {Bhalgat, Pooja and Bhoite, Sachin and Pitare, Sejal},
year = {2019},
month = {09},
pages = {},
title = {Air Quality Prediction using Machine Learning Algorithms},
volume = {8},
journal = {International Journal of Computer Applications Technology and Research},
doi = {10.7753/IJCATR0809.1006}
}


@article{article5,
author = {Kleine Deters, Jan and Zalakeviciute, Rasa and Gonzalez, Mario and Rybarczyk, Yves},
year = {2017},
month = {06},
pages = {1-14},
title = {Modeling PM 2.5 Urban Pollution Using Machine Learning and Selected Meteorological Parameters},
volume = {2017},
journal = {Journal of Electrical and Computer Engineering},
doi = {10.1155/2017/5106045}
}


@article{article6,
author = {Qi, Zhongang and Wang, Tianchun and Song, Guojie and Hu, Weisong and Li, Xi and Zhongfei, and Zhang,},
year = {2017},
month = {11},
pages = {},
title = {Deep Air Learning: Interpolation, Prediction, and Feature Analysis of Fine-grained Air Quality},
volume = {PP},
journal = {IEEE Transactions on Knowledge and Data Engineering},
doi = {10.1109/TKDE.2018.2823740}
}


@article{article7,
author = {Karimian, Hamed and Li, Qi and Wu, Chunlin and Qi, Yanlin and Mo, Yuqin and Chen, Gong and Sachdeva, Sonali and Zhang, Xianfeng},
year = {2019},
month = {01},
pages = {},
title = {Evaluation of Different Machine Learning Approaches in Forecasting PM2.5 Mass Concentrations},
volume = {19},
journal = {Aerosol and Air Quality Research},
doi = {10.4209/aaqr.2018.12.0450}
}


@misc{wiki:Gradient_boosting,
   author = "Wikipedia",
   title = "{Gradient boosting} --- {W}ikipedia{,} The Free Encyclopedia",
   year = "2020",
   howpublished = {\url{http://en.wikipedia.org/w/index.php?title=Gradient\%20boosting&oldid=947218348}},
   note = "[Online; accessed 28-March-2020]"
 }



@misc{wiki:Autoregressive_integrated_moving_average,
   author = "Wikipedia",
   title = "{Autoregressive integrated moving average} --- {W}ikipedia{,} The Free Encyclopedia",
   year = "2020",
   howpublished = {\url{http://en.wikipedia.org/w/index.php?title=Autoregressive\%20integrated\%20moving\%20average&oldid=944420432}},
   note = "[Online; accessed 28-March-2020]"
 }